<?xml version="1.0" encoding="UTF-8"?><collection xmlns="http://www.loc.gov/MARC21/slim"><record><leader>00603nam--2200193-i-4500</leader><controlfield tag="001">000007823</controlfield><controlfield tag="002">20161230</controlfield><controlfield tag="005">20161230201027</controlfield><controlfield tag="008">060222s1000------------r-----000-0-eng-d</controlfield><datafield ind1=" " ind2=" " tag="040"><subfield code="a">IFIN-HH</subfield></datafield><datafield ind1=" " ind2=" " tag="080"><subfield code="a">539.194</subfield></datafield><datafield ind1="1" ind2=" " tag="100"><subfield code="a">Beaven, G.H./S.A.</subfield></datafield><datafield ind1="1" ind2="0" tag="245"><subfield code="a">Molecular spectroscopy</subfield><subfield code="b">Methods and applications in chemistry</subfield><subfield code="c">G.h. beaven; e.a. johnson; h.a. willis; r.g.j. miller</subfield></datafield><datafield ind1=" " ind2=" " tag="260"><subfield code="a">London</subfield><subfield code="b">Heywood &amp; Company Ltd</subfield><subfield code="c">1961</subfield></datafield><datafield ind1=" " ind2=" " tag="300"><subfield code="a">VIII + 336 P</subfield></datafield><datafield ind1=" " ind2=" " tag="490"><subfield code="a">Physical Processes In The Chemical Industry</subfield></datafield><datafield ind1="1" ind2=" " tag="700"><subfield code="a">Miller, R.G.J</subfield></datafield><datafield ind1=" " ind2=" " tag="852"><subfield code="a">24713</subfield><subfield code="c">535.33</subfield></datafield><datafield ind1=" " ind2=" " tag="CAT"><subfield code="a">Sys</subfield><subfield code="c">20101202</subfield><subfield code="h">160735</subfield></datafield></record></collection>